<record><leader>00000cas a2200000 a 4500</leader><controlfield tag="001">8516702</controlfield><controlfield tag="008">820614d19791986waudn ne      0   a0eng d</controlfield><datafield ind1=" " ind2=" " tag="010"><subfield code="a">sn 82004662 </subfield></datafield><datafield ind1=" " ind2=" " tag="040"><subfield code="a">NSD</subfield><subfield code="b">eng</subfield><subfield code="c">NSD</subfield><subfield code="d">SLZ</subfield><subfield code="d">OCL</subfield><subfield code="d">OCLCQ</subfield><subfield code="d">OCLCF</subfield><subfield code="d">OCLCO</subfield></datafield><datafield ind1=" " ind2=" " tag="012"><subfield code="j">0</subfield><subfield code="m">d</subfield></datafield><datafield ind1="1" ind2=" " tag="022"><subfield code="a">0744-7337</subfield><subfield code="l">0744-7337</subfield><subfield code="2">1</subfield></datafield><datafield ind1="1" ind2=" " tag="029"><subfield code="a">AU@</subfield><subfield code="b">000025833734</subfield></datafield><datafield ind1=" " ind2=" " tag="037"><subfield code="b">Daily News Journal, 600 S. Washington St., Kent, WA 98031</subfield></datafield><datafield ind1=" " ind2=" " tag="042"><subfield code="a">nsdp</subfield><subfield code="a">msc</subfield></datafield><datafield ind1=" " ind2=" " tag="043"><subfield code="a">n-us-wa</subfield></datafield><datafield ind1="0" ind2=" " tag="130"><subfield code="a">Daily news journal (Kent, Wash.)</subfield></datafield><datafield ind1=" " ind2="0" tag="222"><subfield code="a">Daily news journal</subfield><subfield code="b">(Kent, Wash.)</subfield></datafield><datafield ind1="0" ind2="0" tag="245"><subfield code="a">Daily news journal.</subfield></datafield><datafield ind1=" " ind2=" " tag="260"><subfield code="a">Kent, WA :</subfield><subfield code="b">Valley Newspapers</subfield></datafield><datafield ind1=" " ind2=" " tag="300"><subfield code="a">v.</subfield></datafield><datafield ind1=" " ind2=" " tag="310"><subfield code="a">Daily (except Saturday)</subfield></datafield><datafield ind1="0" ind2=" " tag="362"><subfield code="a">Apr. 16, 1979-v. 98, no. 234 (Sept. 30, 1986).</subfield></datafield><datafield ind1=" " ind2="0" tag="651"><subfield code="a">Kent (Wash.)</subfield><subfield code="v">Newspapers.</subfield></datafield><datafield ind1=" " ind2="7" tag="655"><subfield code="a">Newspapers.</subfield><subfield code="2">fast</subfield><subfield code="0">(OCoLC)fst01423814</subfield></datafield><datafield ind1=" " ind2="7" tag="651"><subfield code="a">Washington (State)</subfield><subfield code="z">Kent.</subfield><subfield code="2">fast</subfield><subfield code="0">(OCoLC)fst01211661</subfield></datafield><datafield ind1=" " ind2=" " tag="752"><subfield code="a">United States</subfield><subfield code="b">Washington</subfield><subfield code="c">King</subfield><subfield code="d">Kent.</subfield></datafield><datafield ind1="0" ind2="0" tag="780"><subfield code="t">News journal (Kent, Wash.)</subfield><subfield code="w">(DLC)sn 87093338</subfield></datafield><datafield ind1="0" ind2="0" tag="785"><subfield code="t">Valley daily news (Kent news journal ed.)</subfield><subfield code="x">0894-1610</subfield><subfield code="w">(DLC)sn 87002679</subfield></datafield></record>